@article{gerzon:practicalperiphony,
  author          = {Gerzon, Micheal},
  title           = {Practical Periphony},
  year            = {1980}
}

@article{farina:subjectivecomparisonofsurroundsystems,
  author          = {Farina, Angelo and Ugolotti, Emanuele},
  title           = {Subjective Comparison of Surround Systems},
  year            = {1999},
  url  			  = {http://pcfarina.eng.unipr.it/Public/Papers/126-AESC99.PDF}
}

@article{lee:ambisonic,
  author          = {Lee, Richard},
  title           = {Ambisonic Surround Decoder},
  year            = {2009},
  url  			  = {https://www.ambisonia.com/Members/ricardo/ASD.htm/}
}

@unpublished{tkk:coding,
  author = {TKK Akustiikka},
  title  = {Directional audio coding},
  year   = {2011},
  url  	 = {http://legacy.spa.aalto.fi/research/cat/DirAC/}
}

@article{malham:mechanisms,
  author          = {Malham, Dave},
  title           = {Spatial Heading Mechanisms and Sound Reproduction},
  year            = {1998}
}

@unpublished{3daudio:blue,
  author = {Blue Ripple sound},
  title  = {3D Audio for Gaming},
  year   = {2013},
  url    = {https://web.archive.org/web/20131213214459/http://www.blueripplesound.com/3d-audio-gaming}
}

@unpublished{dobson:amb,
  author = {Dobson, Richard},
  title  = {The AMB Ambisonic File Format},
  year   = {2014},
  url    = {https://web.archive.org/web/20140422234520/http://people.bath.ac.uk/masrwd/bformat.html}
}

@article{gerzon:periphony,
  author          = {Gerzon, Micheal},
  title           = {Periphony},
  year            = {1973}
}

@article{batke:vbap,
  author          = {Johann-Markus, Batke and Florian, Keiler},
  title           = {Using VBAP-derived Panning Functions for 3D Ambisonics Decoding},
  year            = {2010},
  url             = {http://ambisonics10.ircam.fr/drupal/files/proceedings/presentations/O14_47.pdf}
}

@article{batke:data,
  author          = {Florian, Keiler and Sven, Kordon and Johannes, Boehm and Holger, Kropp and Johann-Markus, Batke},
  title           = {Data structure for Higher Order Ambisonics audio data},
  year            = {2012},
  url             = {https://patents.google.com/patent/EP2450880A1}
}

@unpublished{wiki:computermusic,
  author = {wikipedia},
  title  = {The Computer Music},
  year   = {2023},
  url    = {https://en.wikipedia.org/wiki/Computer_music}
}

@unpublished{wiki:generative,
  author = {wikipedia},
  title  = {Generative Music},
  year   = {2023},
  url    = {https://en.wikipedia.org/wiki/Generative_music}
}
@unpublished{wiki:music,
  author = {wikipedia},
  title  = {Music for Videogames},
  year   = {2023},
  url    = {https://en.wikipedia.org/wiki/Video_game_music}
}